@Article{LinkedList,
	author = "Timothy L. Harris",
	title = "A Pragmatic Implementation of Non-Blocking Linked-Lists",
	journal = "Proceedings of the 15th International Symposium on Distributed Computing",
	year = 2001,
	pages = "300-314",
	publisher = "Springer-Verlag",
	language = "english"
}

@Article{HashTable,
	author = "Maged M. Michael",
	title = "High Performance Dynamic Lock-Free Hash Tables and List-Based Sets",
	journal = "IBM Thomas J. Watson Research Center",
	language = "english"
}

@Article{ListSkipList,
	author = "Mikhail Fomitchev, Eric Ruppert",
	title = "Lock-Free Linked Lists and Skip Lists",
	year = 2003,
	language = "english"
}

@Article{WaitFree,
	author = "M. Herlihy",
	title = "Wait-free synchronization",
	journal = "ACM Transactions on Programming Languages and
	Systems",
	year = 1991,
	pages = "124–149",
	language = "english"
}

@Article{ListAndSkipList,
	author = "M. Fomitchev",
	title = "Lock-free linked lists ans skip lists",
	year = 2003,
	pages = "124–149",
	language = "english"
}

@BOOK{dataStructures,
	author = "Alfred V. Aho, Jeffrey D. Ullman, John E. Hopcroft",
	title = "Data Structures and Algorithms",
	publisher = "Addison-Wesley publishing company",
	year = 2003,
	numpages = 382,
	language = "english"
}

@BOOK{artOfMultiprocessor,
	author = "Maurice Herlihy, Nir Shavit",
	title = "The Art of Multiprocessor Programming",
	publisher = "Morgan Kaufmann",
	year = 2012,
	numpages = 552,
	language = "english"
}
 
@MISC{doe:website,
      AUTHOR = "John Doe",
      TITLE = "the website title",
      MONTH = feb,
      YEAR = 2011,
      NOTE = "url{http://whereever/file.ext}"
}